@misc{PFGPlots,
    author = {PFGPlots},
    title = {A LaTeX package to create plots.},
	url = {https://pgfplots.sourceforge.net/}
}

@misc{PhasemathingImage,
    author = {BP-Aegirsson},
    title = {Own work},
    howpublished = {CC BY-SA 4.0},
    url = {https://commons.wikimedia.org/w/index.php?curid=72801467},
    note = {Image}
}

@misc{SobarwikiImage,
    author = {Sobarwiki},
    title = {Own work},
    howpublished = {Public Domain},
    url = {https://commons.wikimedia.org/w/index.php?curid=29492919},
    note = {Image}
}

@misc{JkwchuiImage,
    author = {Jkwchui},
    title = {Own work},
    howpublished = {CC BY-SA 3.0},
    url = {https://commons.wikimedia.org/w/index.php?curid=12657395},
    note = {Image}
}

@misc{Swk2118Image,
    author = {Swk2118},
    title = {Own work},
    howpublished = {CC BY-SA 3.0},
    url = {https://commons.wikimedia.org/w/index.php?curid=30010690},
    note = {Image}
}

@misc{SecondHarmonicGeneration,
    author = {{Wikipedia contributors}},
    title = {Second-harmonic generation},
    year = {2025},
    howpublished = {\url{https://en.wikipedia.org/wiki/Second-harmonic_generation}},
    note = {Retrieved May 26, 2025}
}